<?xml version="1.0" encoding="UTF-8"?><collection xmlns="http://www.loc.gov/MARC21/slim"><record><leader>00522nam--2200169-i-4500</leader><controlfield tag="001">000046102</controlfield><controlfield tag="002">20161230</controlfield><controlfield tag="005">20161230201045</controlfield><controlfield tag="008">060222s1000------------r-----000-0-eng-d</controlfield><datafield ind1=" " ind2=" " tag="040"><subfield code="a">IFIN-HH</subfield></datafield><datafield ind1=" " ind2=" " tag="080"><subfield code="a">532.5:556.02:621.375.826(043)</subfield></datafield><datafield ind1="1" ind2=" " tag="100"><subfield code="a">Van Ingen, Catharine</subfield></datafield><datafield ind1="1" ind2="0" tag="245"><subfield code="a">Observations in a sediment-laden flow by use of laser-doppler velocimetry</subfield><subfield code="c">Catharine van ingen</subfield></datafield><datafield ind1=" " ind2=" " tag="260"><subfield code="a">Pasadena, California Inst.Of Technology, 1981,</subfield></datafield><datafield ind1=" " ind2=" " tag="300"><subfield code="a">XVIII+163P</subfield></datafield><datafield ind1=" " ind2=" " tag="852"><subfield code="a">72209</subfield><subfield code="c">532</subfield></datafield><datafield ind1=" " ind2=" " tag="CAT"><subfield code="a">Sys</subfield><subfield code="c">20100723</subfield><subfield code="h">102540</subfield></datafield></record></collection>